@online{wfpcritique,
    author    = "Mike Perry",
    title     = "A Critique of Website Traffic Fingerprinting Attacks",
    url       = "https://blog.torproject.org/blog/critique-website-traffic-fingerprinting-attacks",
    keywords  = "website fingerprinting,critique"
}

@journal{panchenko1,
    title= "Website fingerprinting in onion routing based anonymization networks",
    url="https://www.freehaven.net/anonbib/cache/wpes11-panchenko.pdf",
    DOI="10.1145/2046556.2046570",
    journal="Proceedings of the 10th annual ACM workshop on Privacy in the electronic society - WPES '11",
    author="Panchenko, Andriy and Niessen, Lukas and Zinnen, Andreas and Engel, Thomas",
    year="2011"
}

@journal{kfingerprinting,
    title={k-fingerprinting: A Robust Scalable Website Fingerprinting Technique},
    url={https://www.usenix.org/conference/usenixsecurity16/technical-sessions/presentation/hayes},
    author={Hayes, Jamie and Danezis, George}
}

@article{wfpevaluation,
    title={A Critical Evaluation of Website Fingerprinting Attacks},
    url={http://www1.icsi.berkeley.edu/~sadia/papers/ccs-webfp-final.pdf},
    DOI={10.1145/2660267.2660368},
    journal={Proceedings of the 2014 ACM SIGSAC Conference on Computer and Communications Security - CCS '14},
    author={Juarez, Marc and Afroz, Sadia and Acar, Gunes and Diaz, Claudia and Greenstadt, Rachel},
    year={2014}
}

@article{deeplearning,
    title={Fingerprinting Attack on Tor Anonymity using Deep Learning},
    journal={Proceedings of the APAN Research Workshop 2016},
    author={Abe, Kota and Goto, Shigeki}
}

@article{deeplearningthesis,
    title={Deep Learning Website Fingerprinting Features},
    url={https://www.esat.kuleuven.be/cosic/publications/thesis-280.pdf},
    author={Rimmer, Vera},
    year={2016}
}

@online{LSTM,
    title={Understanding LSTM Networks},
    url={http://colah.github.io/posts/2015-08-Understanding-LSTMs/},
    journal={Understanding LSTM Networks },
    author={Olah, Christopher}
}

@article{deeplearning2,
    title={The Applications of Deep Learning on Traffic Identification},
    url={https://www.blackhat.com/docs/us-15/materials/us-15-Wang-The-Applications-Of-Deep-Learning-On-Traffic-Identification-wp.pdf},
    author={Wang, Zhanyi}
}

@article{panchenko2,
    title={Website Fingerprinting at Internet Scale},
    url={https://www.comsys.rwth-aachen.de/fileadmin/papers/2016/2016-panchenko-ndss-fingerprinting.pdf},
    author={Panchenko, Andriy and Lanze, Fabian and Zinnen, Andreas and Henze, Martin and Pennekamp, Jan and Wehrle, Klaus and Engel, Thomas}
}

@article{wang_goldberg_2013,
    title={Improved website fingerprinting on Tor},
    url={https://www.freehaven.net/anonbib/cache/wpes13-fingerprinting.pdf},
    DOI={10.1145/2517840.2517851},
    journal={Proceedings of the 12th ACM workshop on Workshop on privacy in the electronic society - WPES '13},
    author={Wang, Tao and Goldberg, Ian},
    year={2013}
}

@article{naivebayes,
    title={A novel Website Fingerprinting attack against multi-tab browsing behavior},
    DOI={10.1109/cscwd.2015.7230964},
    journal={2015 IEEE 19th International Conference on Computer Supported Cooperative Work in Design (CSCWD)},
    author={Gu, Xiaodan and Yang, Ming and Luo, Junzhou},
    year={2015}
}

@article{wang_cai_johnson_nithyanand_goldberg_2014,
    title={Effective Attacks and Provable Defenses for Website Fingerprinting},
    volume={23},
    url={https://www.usenix.org/system/files/conference/usenixsecurity14/sec14-paper-wang-tao.pdf},
    journal={USENIX Security Symposium},
    author={Wang, Tao and Cai, Xiang and Johnson, Rob and Nithyanand, Rishab and Goldberg, Ian},
    year={2014},
    month={08}
}

@article{cai_zhang_joshi_johnson_2012,
    title={Touching from a Distance: Website Fingerprinting Attacks and Defenses},
    url={http://pub.cs.sunysb.edu/~rob/papers/fp.pdf}, DOI={10.1145/2382196.2382260},
    journal={Proceedings of the 2012 ACM conference on Computer and communications security - CCS '12},
    author={Cai, Xiang and Zhang, Xin Cheng and Joshi, Brijesh and Johnson, Rob},
    year={2012}
}

@article{rnnencoder,
    title={There and Back Again: Autoencoders for Textual Reconstruction},
    url={http://cs224d.stanford.edu/reports/OshriBarak.pdf},
    author={Oshri, Barak and Khandwala, Nishith}
}

@article{rnnencoder2,
    title={Learning Phrase Representations using RNN Encoder Decoder for Statistical Machine Translation},
    DOI={10.3115/v1/d14-1179},
    url={https://arxiv.org/pdf/1406.1078v3.pdf},
    journal={Proceedings of the 2014 Conference on Empirical Methods in Natural Language Processing (EMNLP)},
    author={Cho, Kyunghyun and Merrienboer, Bart Van and Gulcehre, Caglar and Bahdanau, Dzmitry and Bougares, Fethi and Schwenk, Holger and Bengio, Yoshua},
    year={2014}
}

@article{sutskever_vinyals_le,
  title={Sequence to Sequence Learning with Neural Networks},
  url={https://arxiv.org/abs/1409.3215},
  author={Sutskever, Ilya and Vinyals, Oriol and Le, Quoc V.}
}

@article{google_transparancy,
    author="Google",
    title="Google Transparency Report",
    year="2017",
    month="03"
}

@artice{tor_project,
    title={The Tor Project},
    url={https://www.torproject.org/docs/faq},
    journal={Tor Project: FAQ}
}
